@Article{Xia2019,
author="Xia, Guoqing
and Sun, Chuang
and Zhao, Bo
and Xue, Jingjing",
title="Cooperative Control of Multiple Dynamic Positioning Vessels with Input Saturation Based on Finite-time Disturbance Observer",
journal="International Journal of Control, Automation and Systems",
year="2019",
month="Feb",
day="01",
volume="17",
number="2",
pages="370--379",
}

@article{YU2018173,
title = "Finite-time command filtered backstepping control for a class of nonlinear systems",
journal = "Automatica",
volume = "92",
pages = "173 - 180",
year = "2018",
author = "Jinpeng Yu and Peng Shi and Lin Zhao",
}

@article{LEVANT1998379,
title = "Robust exact differentiation via sliding mode technique**This paper was recommended for publication in final form by Associate Editor Hassan Khalil under the direction of Editor Tamer Basar.",
journal = "Automatica",
volume = "34",
number = "3",
pages = "379 - 384",
year = "1998",
author = "Arie Levant",
}

@article{dongCST2012,
author={W. {Dong} and J. A. {Farrell} and M. M. {Polycarpou} and V. {Djapic} and M. {Sharma}}, 
journal={IEEE Transactions on Control Systems Technology}, 
title={Command Filtered Adaptive Backstepping}, 
year={2012}, 
volume={20}, 
number={3}, 
pages={566-580}, 
month={May},}

@article{farrell09,
  author = {Farrell, Jay A. and Polycarpou, Marios M. and Sharma, Manu and Dong, Wenjie},
  journal = {IEEE Trans. Automat. Contr.},
  number = 6,
  pages = {1391-1395},
  title = {Command Filtered Backstepping.},
  volume = 54,
  year = 2009
}

@ARTICLE{wamv_web,
  author =       "http://www.wam-v.com/unmanned.html",
 title =        "",
  journal =      "",
  volume =       "",
  number= "",
  pages =        "",
  year =         "",
note = "", abstract = "", keywords = "", source = "", file = F }

@ARTICLE{bul00,
  author =       "F. Bullo and N. E. Leonard and A. D. Lewis",
 title =        "Controllability and
motion algorithms for underactuated Lagrangian systems on Lie
groups",
  journal =      "IEEE Trans. Automatic Control",
  volume =       "45",
  number= "",
  pages =        "1437-1454",
  year =         "2000",
note = "", abstract = "", keywords = "", source = "", file = F }


@ARTICLE{do2005,
  author =       "K. D. Do and J. Pan",
 title =        "Global tracking control of underactuated ships with nonzero off-diagonal terms in their system matrices ",
  journal =      "Automatica",
  volume =       "41",
  number= "1",
  pages =        "87-95",
  year =         "2005",
note = "", abstract = "", keywords = "", source = "", file = F }


@ARTICLE{yu2012,
  author =       "R. Yu and Q. Zhu and G. Xia and Z. Liu",
 title =        "Sliding mode tracking control of an
underactuated surface vessel",
  journal =      "IET Control Theory and Applications",
  volume =       "6",
  number= "3",
  pages =        "461-466",
  year =         "2012",
note = "", abstract = "", keywords = "", source = "", file = F }

@ARTICLE{ashrafiuon2008,
  author =       "H. Ashrafiuon and K. R. Muske and L. C. McNinch and R. A. Soltan",
 title =        "Sliding-Mode Tracking Control of Surface Vessels",
  journal =      "IEEE TRANS. ON INDUSTRIAL ELECTRONICS",
  volume =       "55",
  number= "11",
  pages =        "4004-4012",
  year =         "2008",
note = "", abstract = "", keywords = "", source = "", file = F }

@ARTICLE{peterson2013,
  author =       "A. Peterson and M. Ahmadianand M. Craft and A. Shen",
 title =        "Simulation and scale-testing to improve the next generation of wave-adaptive modular vessels",
  journal =      "Proceedings of the 2013 Grand Challenges on Modeling and Simulation Conference",
  volume =       "",
  number= "",
  pages =        "",
  year =         "2013",
note = "", abstract = "", keywords = "", source = "", file = F }

@ARTICLE{peterson2011,
  author =       "A. Peterson and M. Ahmadian",
 title =        "Simulation and Testing of Wave-adaptive Modular Vessels",
  journal =      "11th International Conference on Fast Sea Transportation
FAST 2011",
  volume =       "",
  number= "",
  pages =        "784-789",
  year =         "2011",
note = "", abstract = "", keywords = "", source = "", file = F }

@BOOK{spong06,
  author =       " M. W. Spong and S. Hutchinson and M. Vidyasagar",
 title =        "Linear system theory",
publisher="John wiley \& Sons Inc.",
  year =         "2006",
note = "", abstract = "", keywords = "", source = "", file = F }
@ARTICLE{zhao2013,
  author =       "Y. Zhao and Z. Duan and G. Wen and Y. Zhang",
 title =        "Distributed finite-time tracking control for multi-agent systems:
An observer-based approach",
  journal =      "Systems \& Control Letters",
  volume =       "62",
  number= "",
  pages =        "22-28",
  year =         "2013",
note = "", abstract = "", keywords = "", source = "", file = F }


@ARTICLE{zou2013,
  author =       "A. Zou and K. D. Kumar and Z.-G. Hou",
 title =        "Distributed consensus control for multi-agent systems using
terminal sliding mode and Chebyshev neural networks",
  journal =      "Int. J. Robust. Nonlinear Control",
  volume =       "23",
  number= "",
  pages =        "334-357",
  year =         "2013",
note = "", abstract = "", keywords = "", source = "", file = F }

@ARTICLE{yua2013,
  author =       "H. Yua and Y. Shena and X. Xia",
 title =        "Adaptive finite-time consensus in multi-agent networks",
  journal =      "Systems \& Control Letters",
  volume =       "62",
  number= "",
  pages =        "880-889",
  year =         "2013",
note = "", abstract = "", keywords = "", source = "", file = F }

@BOOK{rugh1996,
  author =       "W. J. Rugh",
 title =        "Linear system theory",
publisher="PRENTICE HALL, Upper Saddle River, New Jersey 07458, second edition",
  year =         "1996",
note = "", abstract = "", keywords = "", source = "", file = F }

@ARTICLE{g_wen_2012,
  author ="G. Wen and Z. Duan and H. Su and G. Chen and W. Yu",
 title =        "A connectivity-preserving flocking algorithm for multi-agent dynamical systems with bounded potential function",
  journal =      "IET Control Theory and Applications",
  volume =       "6",
  pages =        "813-821",
number= "6",
  year =         "2012"}


@ARTICLE{dongIJC2013,
  author =       "W. Dong",
 title =        "Distributed Tracking Control of Networked Chained Systems",
  journal =      " Int. J.
of  Control",
  volume =       "86",
  number= "12",
  pages =        "2159-2174",
  year =         "2013",
note = "", abstract = "", keywords = "", source = "", file = F }

@ARTICLE{x_luo_2012,
  author ="X. Luo and D. Liu and X. Guan and S. Li",
 title =        "Flocking in target pursuit for multi-agent systems with partial informed agents",
  journal =      "IET Control Theory and Applications",
  volume =       "6",
  pages =        "560-569",
number= "4",
  year =         "2012"}

@ARTICLE{r_cui_2012,
  author ="R. Cui and B. Ren and S. S. Ge",
 title =        "Synchronised tracking control of multi-agent system with high-order dynamics",
  journal =      "IET Control Theory and Applications",
  volume =       "6",
  pages =        "603-614",
number= "5",
  year =         "2012"}

@ARTICLE{y_liu_2012,
  author ="Y. Liu and Y. Jia",
 title =        "Adaptive leader-following consensus control of multi-agent systems using model reference adaptive control approacg",
  journal =      "IET Control Theory and Applications",
  volume =       "6",
  pages =        "2002-2008",
number= "13",
  year =         "2012"}
@ARTICLE{h_min_2011,
  author ="H. Min and F. Sun and S. Wang and H. Li",
 title =        "Distributed adaptive consensus algorithm for networked Euler-LAgrange systems",
  journal =      "IET Control Theory and Applications",
  volume =       "5",
  pages =        "145-154",
number= "1",
  year =         "2011"}
@ARTICLE{dongIJACSP2012,
  author =       "W. Dong",
 title =        "Adaptive consensus seeking
of multiple nonlinear systems",
  journal =      " Int. J.
of Adaptive Control and Signal Processing",
  volume =       "26",
  number= "5",
  pages =        "419-434",
  year =         "2012",
note = "", abstract = "", keywords = "", source = "", file = F }
@ARTICLE{wang_2011,
  author ="X. Wang and W. Ni and X. Wang",
 title =        "Leader-folloower formation of switching multirobot systems via internal model",
  journal =      "IEEE Trans. on Systems, Man, and Cybernetics-Part B: Cybernetics",
  volume =       "42",
  pages =        "817-826",
number= "3",
  year =         "2012",
note = "", abstract = "", keywords = "", source = "", file = F }


@ARTICLE{nuno_2011,
  author =" E. Nuno and R. Ortega and L. Barabanov and D. Hil",
 title =        "Synchronization of
networks of nonidentical Euler-Lagrange systems with uncertain parameters
and communication delays",
  journal =      "IEEE
Transactions on Automatic Control",
  volume =       "56",
  pages =        "935-941",
number= "4",
  year =         "2011",
note = "", abstract = "", keywords = "", source = "", file = F }


@ARTICLE{mei_2011,
  author ="J. Mei and W. Ren and G. Ma",
 title =        "Distributed coordinated tracking
with a dynamic leader for multiple euler-lagrange systems",
  journal =      "IEEE
Transactions on Automatic Control",
  volume =       "56",
  pages =        "1415-1421",
number= "6",
  year =         "2011",
note = "", abstract = "", keywords = "", source = "", file = F }


@ARTICLE{ren_2009,
  author ="W. Ren",
 title =        "Distributed leaderless consensus algorithms for networked
euler-lagrange systems",
  journal =      "International Journal of Control",
  volume =       "82",
  pages =        "2137-2149",
number= "11",
  year =         "2009",
note = "", abstract = "", keywords = "", source = "", file = F }



@ARTICLE{wieland_2011,
  author ="P. Wieland and P. Sepulchre and F. Allgower",
 title =        "An internal model principle is necessay and sufficient for linear output synchronization",
  journal =      "Automatica",
  volume =       "47",
  pages =        "1068-1077",
number= "5",
  year =         "2011",
note = "", abstract = "", keywords = "", source = "", file = F }

@ARTICLE{kazerooni_2010,
  author ="E. Semsar-Kazerooni and K. Khorasani",
 title =        "Optimal Consensus Seeking in a Network of
Multiagent Systems: An LMI Approach",
  journal =      "IEEE Trans. on Systems, Man, and Cybernetics-Part B: Cybernetics",
  volume =       "40",
  pages =        "362-370",
number= "2",
  year =         "2010",
note = "", abstract = "", keywords = "", source = "", file = F }

@ARTICLE{cao_2010,
  author ="Y. Cao and Y. Li and W. Ren and Y. Chen",
 title =        "Distributed Coordination of Networked
Fractional-Order Systems",
  journal =      "IEEE Trans. on Systems, Man, and Cybernetics-Part B: Cybernetics",
  volume =       "40",
  pages =        "362-370",
number= "2",
  year =         "2010",
note = "", abstract = "", keywords = "", source = "", file = F }


@ARTICLE{lu_2010,
  author ="J. Lu and W. C. Ho",
 title =        "Globally Exponential Synchronization and
Synchronizability for General Dynamical Networks",
  journal =      "IEEE Trans. on Systems, Man, and Cybernetics-Part B: Cybernetics",
  volume =       "40",
  pages =        "350-361",
number= "2",
  year =         "2010",
note = "", abstract = "", keywords = "", source = "", file = F }


@ARTICLE{morgan_77,
  author ="A. P. Morgan and K. S. Narendra",
 title =        "On the uniform asymptotic stability of certain linear nonautonomous
differential equations",
  journal =      "SIAM J. on Contr. and Opt.",
  volume =       "15",
  pages =        "5-24",
number= "1",
  year =         "1977",
note = "", abstract = "", keywords = "", source = "", file = F }

@BOOK{desoer75,
  author =       "C. A. Desoer and M. Vidyasagar",
 title =        "Feedback systems: input-output properties",
publisher="Academic Press, Inc.",
  year =         "1975",
note = "", abstract = "", keywords = "", source = "", file = F }

@ARTICLE{meng_11,
  author ="Z. Meng and W. Ren and Y. Cao and Z. You",
 title =        "Leaderless and Leader-Following Consensus With Communication and Input Delays Under a Directed Network Topology
",
  journal =      "IEEE Trans. on Systems, Man, and Cybernetics-Part B: Cybernetics",
  volume =       "41",
  pages =        "75-88",
number= "1",
  year =         "2011",
note = "", abstract = "", keywords = "", source = "", file = F }


@ARTICLE{d_gu_11,
  author ="D. Gu",
 title =        "A Game Theory Approach to Target Tracking in Sensor Networks ",
  journal =      "IEEE Trans. on Systems, Man, and Cybernetics-Part B: Cybernetics",
  volume =       "41",
  pages =        "2-13",
number= "1",
  year =         "2011",
note = "", abstract = "", keywords = "", source = "", file = F }


@ARTICLE{w_dong_11,
  author ="W. Dong",
 title =        "Flocking of Multiple Mobile Robots Based on Backstepping
",
  journal =      "IEEE Trans. on Systems, Man, and Cybernetics-Part B: Cybernetics",
  volume =       "41",
  pages =        "414-424",
number= "2",
  year =         "2011",
note = "", abstract = "", keywords = "", source = "", file = F }


@ARTICLE{g_chen_11,
  author ="G. Chen and F. L. Lewis",
 title =        "Distributed Adaptive Tracking Control for
Synchronization of Unknown Networked
Lagrangian Systems",
  journal =      "IEEE Trans. on Systems, Man, and Cybernetics-Part B: Cybernetics",
  volume =       "41",
  pages =        "805-816",
number= "3",
  year =         "2011",
note = "", abstract = "", keywords = "", source = "", file = F }



@ARTICLE{wilde_11,
  author ="P. D. Wilde and G. Briscoe",
 title =        "Stability of Evolving Multiagent Systems",
  journal =      "IEEE Trans. on Systems, Man, and Cybernetics-Part B: Cybernetics",
  volume =       "41",
  pages =        "1149-1157",
number= "4",
  year =         "2011",
note = "", abstract = "", keywords = "", source = "", file = F }


@ARTICLE{bj_park_11,
  author ="B. S. Park and J. B. Park and Y. H. Choi",
 title =        "Adaptive Formation Control of Electrically Driven
Nonholonomic Mobile Robots With
Limited Information",
  journal =      "IEEE Trans. on Systems, Man, and Cybernetics-Part B: Cybernetics",
  volume =       "41",
  pages =        "1061-1075",
number= "1",
  year =         "2011",
note = "", abstract = "", keywords = "", source = "", file = F }

@ARTICLE{j_qin_12,
  author ="J. Qin and W. X. Zheng and H. Gao",
 title =        "Coordination of Multiple Agents With
Double-Integrator Dynamics Under
Generalized Interaction Topologies",
  journal =      "IEEE Trans. on Systems, Man, and Cybernetics-Part B: Cybernetics",
  volume =       "42",
  pages =        "44-57",
number= "1",
  year =         "2012",
note = "", abstract = "", keywords = "", source = "", file = F }

@ARTICLE{yf_su_12,
  author ="Y. Su and J. Huang",
 title =        "Cooperative Output Regulation With Application to
Multi-Agent Consensus Under Switching Network",
  journal =      "IEEE Trans. on Systems, Man, and Cybernetics-Part B: Cybernetics",
  volume =       "42",
  pages =        "864-875",
number= "3",
  year =         "2012",
note = "", abstract = "", keywords = "", source = "", file = F }

@ARTICLE{ws_zhong_12,
  author ="W.S. Zhong and G.P. Liu and C. Thomas",
 title =        "Global bounded consensus of multiagent systems with nonidentical nodes and time delays",
  journal =      "IEEE Trans. on Systems, Man, and Cybernetics-Part B: Cybernetics",
  volume =       "42",
  pages =        "1480-1488",
number= "5",
  year =         "2012",
note = "", abstract = "", keywords = "", source = "", file = F }

@ARTICLE{zhao_yu_13,
  author ="Y. Zhao and Z. Duan and G. Wen and Y. Zhang",
 title =        "Distributed finite-time tracking control for multi-agent systems: An observer-based approach",
  journal =      "Systems and Control Letters",
  volume =       "62",
  pages =        "22-28",
number= "",
  year =         "2013",
note = "", abstract = "", keywords = "", source = "", file = F }

@ARTICLE{liu2013,
  author ="K. Liu and G. Xie and W. Ren and L. Wang",
 title =        "Consensus for multi-agent systems with inherent nonlinear dynamics under directed topologies",
  journal =      "Systems and Control Letters",
  volume =       "62",
  pages =        "152-162",
number= "",
  year =         "2013",
note = "", abstract = "", keywords = "", source = "", file = F }

@ARTICLE{rdong_2013,
  author ="R. Dong and Z. Geng",
 title =        "Consensus based formation control laws for systems on Lie groups",
  journal =      "Systems and Control Letters",
  volume =       "62",
  pages =        "132-142",
number= "",
  year =         "2013",
note = "", abstract = "", keywords = "", source = "", file = F }

@ARTICLE{meng_2013,
  author ="Z. Meng and Z. Zhao and Z. Lin",
 title =        "On global leader-follower consensus of identical linear dynamic systems subject to actuator saturation",
  journal =      "Systems and Control Letters",
  volume =       "62",
  pages =        "104-111",
number= "",
  year =         "2013",
note = "", abstract = "", keywords = "", source = "", file = F }

@ARTICLE{zelazo_2013,
  author ="D. Zelazo and S. Sculer and F. Allgower",
 title =        "Peformance and design of cycles in consensus networks",
  journal =      "Systems and Control Letters",
  volume =       "62",
  pages =        "85-96",
number= "",
  year =         "2013",
note = "", abstract = "", keywords = "", source = "", file = F }

@ARTICLE{hong_2013,
  author ="Y. Hong and X. Wang and Z.-P. Jiang",
 title =        "Distributed ouput regulation of leader-follower multi-agent systems",
  journal =      "Int. J. of Robust and Nonlinear Control",
  volume =       "23",
  pages =        "48-66",
number= "",
  year =         "2013",
note = "", abstract = "", keywords = "", source = "", file = F }


@ARTICLE{polushin_2013,
  author ="I. G. Polushin and S. N. Dashkovskiy and A.Takhmar and R. V. Patel",
 title =        "A small gain framework for networked cooperative
force-reflecting teleoperation",
  journal =      "Automatica",
  volume =       "49",
  pages =        "338-348",
number= "",
  year =         "2013",
note = "", abstract = "", keywords = "", source = "", file = F }

@ARTICLE{liu_2013,
  author ="T. Liu and Z.P. Jiang",
 title =        "Distributed formation control of nonholonomic mobile robots without global
position measurements",
  journal =      "Automatica",
  volume =       "49",
  pages =        "592-600",
number= "",
  year =         "2013",
note = "", abstract = "", keywords = "", source = "", file = F }

@ARTICLE{kim_13,
  author ="H. Kim and H. Shim and J. Back  and J. H. Seo",
 title =        "Consensus of output-coupled linear multi-agent systems under fast switching
network: Averaging approach",
  journal =      "Automatica",
  volume =       "49",
  pages =        "267-272",
number= "",
  year =         "2013",
note = "", abstract = "", keywords = "", source = "", file = F }


@ARTICLE{Abdessameud_13,
  author =       "A. Abdessameud and A. Tayebi",
 title =        "On consensus algorithms design for double integrator dynamics",
  journal =      "Automatica",
  volume =       "49",
  pages =        "253-260",
number= "",
  year =         "2013",
note = "", abstract = "", keywords = "", source = "", file = F }


@ARTICLE{dequan_li13,
  author =       "D. Li and X. Wang and Z. Lin",
 title =        "Consensus seeking over directed networks with limited information communication",
  journal =      "Automatica",
  volume =       "49",
  pages =        "610-618",
number= "",
  year =         "2013",
note = "", abstract = "", keywords = "", source = "", file = F }
@BOOK{qu2009,
  author =       "Z. Qu",
 title =        "Cooperative Control of Dynamical Systems: Applications to Autonomous Vehicles ",
publisher="Springer",
  year =         "2009",
note = "", abstract = "", keywords = "", source = "", file = F }

@BOOK{rugh1996,
  author =       "W. J. Rugh",
 title =        "Linear system theory",
publisher="PRENTICE HALL, Upper Saddle River, New Jersey 07458, second edition",
  year =         "1996",
note = "", abstract = "", keywords = "", source = "", file = F }

@BOOK{ren2011,
  author =       "W. Ren and Y. Cao",
 title =        "Distributed Coordination of Multi-Agent Networks",
publisher="Springer Verlag, London",
  year =         "2011",
note = "", abstract = "", keywords = "", source = "", file = F }

@ARTICLE{cao122,
author =          "Y. Cao and R. Wei",
title=            "Finite-time Consensus for Second-order Systems with Unknown
Inherent Nonlinear Dynamics Under an Undirected Switching Graph",
journal =         "Proc. of American Control Conference",
volume =          "",
numble =          "",
pages =           "26-30",
year =            "2012",
note = "", abstract = "", keywords = "", source = "", file = F
}

@ARTICLE{cao12,

author =          "Y. Cao and R. Wei",
title=            "Finite-time Consensus for Single-integrator Kinematics with Unknown
Inherent Nonlinear Dynamics Under a Directed Interaction Graph",
journal =         "Proc. of American Control Conference",
volume =          "",
numble =          "",
pages =           "1603-1608",
year =            "2012",
note = "", abstract = "", keywords = "", source = "", file = F
}

@ARTICLE{scardovi09,

author =          "L. Scardovi and R. Sepulchre",
title=            "Synhronization in networks of identical linear systems",
journal =         "Automatica",
volume =          "45",
numble =          "11",
pages =           "2557-2562",
year =            "2009",
note = "", abstract = "", keywords = "", source = "", file = F
}


@ARTICLE{li11,

author =          "Z. Li and Z. Duan and G. Chen",
title=            "Dynamic consensus of linear multiagent systems",
journal =         "IET Control Theory and Applications",
volume =          "5",
numble =          "1",
pages =           "19-28",
year =            "2011",
note = "", abstract = "", keywords = "", source = "", file = F
}

@ARTICLE{li10,

author =          "Z. Li and Z. Duan and G. Chen and L. Huang",
title=            "Consensus of multiagent systems and synchronization of complex networks: a unified viewpoint",
journal =         "IEEE Trans. on Circuits and Systems - I: Regular Papers",
volume =          "57",
numble =          "1",
pages =           "213-224",
year =            "2010",
note = "", abstract = "", keywords = "", source = "", file = F
}

@ARTICLE{liu10,

author =          "Y. Liu and Y. Jia",
title=            "$H_\infty$ consensus control of multi-agent systems with switching topology: a dynamic output feedback protocol",
journal =         "Int. J. of Control",
volume =          "83",
numble =          "3",
pages =           "527-537",
year =            "2010",
note = "", abstract = "", keywords = "", source = "", file = F
}

@ARTICLE{ni10,

author =          "W. Ni and D. Cheng",
title=            "Leader-following consensus of multi-agent systems under fixed and switching topologies",
journal =         "Systems and Control Letters",
volume =          "59",
numble =          "3-4",
pages =           "209-217",
year =            "2010",
note = "", abstract = "", keywords = "", source = "", file = F
}

@ARTICLE{meng11,

author =          "Z. Meng and W. Ren and Y. Cao and Z. You",
title=            "Leaderless and leader-following consensus with communication and input delays under a direced network topology",
journal =         "IEEE Trans. on Systems, man, and Cybernetics- Part B: Cybernetics",
volume =          "41",
numble =          "1",
pages =           "75-88",
year =            "2011",
note = "", abstract = "", keywords = "", source = "", file = F
}

@ARTICLE{meng12,

author =          "Z. Meng and Z. Zhao and Z. Lin",
title=            "On global consensus of linear multi-agent systems subject to input saturation",
journal =         "Proc. of American Control Conference",
volume =          "",
numble =          "",
pages =           "4516-4521",
year =            "2012",
note = "", abstract = "", keywords = "", source = "", file = F
}


@ARTICLE{tian07,

author="Y. P. Tian and K. C. Cao",
title="Time-varying liner controllers for exponential traacking of non-holonomic systems in chained form",
journal="Int. J. of Robust and Nonlinear control",
 volume="17",
 number="",
 pages="631-647",
 year="2007",
 note = "", abstract = "", keywords = "", source = "", file = F

 }
@ARTICLE{lefeber00,

author="E. Lefeber and A. Robertson and H. Nijmeijer",
title="Linear controllers for exponential traacking of systems in chained form",
journal="Int. J. of Robust and Nonlinear control",
 volume="10",
 number="4",
 pages="243-263",
 year="2000",
 note = "", abstract = "", keywords = "", source = "", file = F

 }

@ARTICLE{jiang00,
  author =       "Z.-P. Jiang",
 title =        "Lyapunov design of global state and output trackers for nonholonomic control systems",
  journal =      "Int. J. of Control",
  pages =        "744-761",
  year =         "2000",
note = "", abstract = "", keywords = "", source = "", file = F }


@ARTICLE{samson91,
  author =       "C. Samson and K. Ait-Abderrahim",
 title =        "Feedback control of a nonholonomic wheeled mobile cart in cartesian space",
  journal =      "Proc. of IEEE Conf. on Robotics and Automation",
  volume =       "",
  number= "",
  pages =        "1136-1141",
  year =         "1991",
note = "", abstract = "", keywords = "", source = "", file = F }


@ARTICLE{Dong_Automatica2011,
  author =       "W. Dong",
 title =        "On consensus algorithms of multiple uncertain mechanical systems with a
reference trajectory",
  journal =      "Automatica",
  volume =       "47",
  number= "",
  pages =        "2023-2028",
  year =         "2011",
note = "", abstract = "", keywords = "", source = "", file = F }

@ARTICLE{Dongrobotics2011,
  author =       "W. Dong",
 title =        "Tracking Control of Multiple Wheeled Mobile Robots with Limited Information of A Desired Trajectory",
  journal =      "IEEE Trans. on Robotics",
  volume =       "28",
  number= "1",
  pages =        "262-268",
  year =         "2012",
note = "", abstract = "", keywords = "", source = "", file = F }

@ARTICLE{zha10,
  author =       "H. Zhang and F. L. Lewis",
 title =        "Synchronization of networked high-order nonlinear systems with unknown dynamics",
  journal =      "Proc. of IEEE Conf. on Decision and Control",
  volume =       "",
  number= "",
  pages =        "7129-7134",
  year =         "2010",
note = "", abstract = "", keywords = "", source = "", file = F }


@ARTICLE{das10,
  author =       "A. Das and F.L. Lewis",
 title =        "Distributed adaptive control for synchronization of unknown nonlinear networked systems",
  journal =      "Automatica",
  volume =       "46",
  number= "12",
  pages =        "2014-2021",
  year =         "2010",
note = "", abstract = "", keywords = "", source = "", file = F }

@ARTICLE{che10,
  author =       "L. Cheng and Z.-G. Houa and M. Tan and Y. Lin and W.J. Zhang",
 title =        "Neural-network-based adaptive leader-following control for multi-agent systems with uncertainties",
  journal =      "IEEE Transactions on Neural Networks",
  volume =       "21",
  number= "8",
  pages =        "1351-1358",
  year =         "2010",
note = "", abstract = "", keywords = "", source = "", file = F }

@ARTICLE{hou09,
  author =       "Z.-G. Hou and L. Cheng and M. Tan",
 title =        "Decentralized robust adaptive control for multi-agent system consensus problem using neural networks",
  journal =      "IEEE Transactions on Systems, Man, and Cybernetics, Part B: Cybernetics",
  volume =       "39",
  number= "3",
  pages =        "636-647",
  year =         "2009",
note = "", abstract = "", keywords = "", source = "", file = F }



@ARTICLE{cao10,
  author =       "Y. Cao and R. Wei",
 title =        "Distributed Coordinated Tracking via a Variable Structure Approach - Part I: Consensus Tracking",
  journal =      "American Control Conference",
  volume =       "",
  number= "",
  pages =        "4744-4749",
  year =         "2010",
note = "", abstract = "", keywords = "", source = "", file = F }


@ARTICLE{cao101,
  author =       "Y. Cao and R. Wei",
 title =        "Distributed Coordinated Tracking via a Variable Structure Approach - Part II: Swarm Tracking",
  journal =      "American Control Conference",
  volume =       "",
  number= "",
  pages =        "4750-4755",
  year =         "2010",
note = "", abstract = "", keywords = "", source = "", file = F }

@ARTICLE{bai081,
  author =       "H. Bai and M. Arcak  and J. T. Wen",
 title =        "Adaptive design for reference velocity recovery in motion coordination",
  journal =      "Systems and Control Letters",
  volume =       "57",
  number= "8",
  pages =        "602-610",
  year =         "2008",
note = "", abstract = "", keywords = "", source = "", file = F }


@ARTICLE{bai08,
  author =       "H. Bai and M. Arcak  and J. T. Wen",
 title =        "Rigid body attitude coordination without inertial frame information",
  journal =      "Automatica",
  volume =       "44",
  number= "",
  pages =        "3170-3175",
  year =         "2008",
note = "", abstract = "", keywords = "", source = "", file = F }

@BOOK{spo05,
  author =       "M. W. Spong and  S. Hutchinson and  M. Vidyasagar",
 title =        "Robot modeling and control",
publisher="John Wiley and Sons, Inc.",
  year =         "2005",
note = "", abstract = "", keywords = "", source = "", file = F }

@ARTICLE{cho06,
  author =       "N. Chopra and M. W. Spong",
 title =        "Passivity-based control of multi-agent systems",
  journal =      "in Advances in Robot Control: From Everyday Physics to Humanlike
Movements, S. Kawamura and M. Svinin, Eds. Berlin, Germany:
Springer-Verlag",
  volume =       "",
  number= "",
  pages =        "107-134",
  year =         "2006",
note = "", abstract = "", keywords = "", source = "", file = F }

@ARTICLE{sun09,
  author =       "D. Sun and C. Wang and W. Shang and G. Feng",
 title =        "A Synchronization Approach to Trajectory Tracking
of Multiple Mobile Robots While Maintaining
Time-Varying Formations",
  journal =      "IEEE Trans. on Robotics",
  volume =       "25",
  number= "5",
  pages =        "1074-1086",
  year =         "2009",
note = "", abstract = "", keywords = "", source = "", file = F }

@ARTICLE{ren09,
  author =       "W. Ren",
 title =        "Distributed leadless consensus algorithms for networked Euler-Lagrange systems",
  journal =      "Int. J. of Control",
  volume =       "82",
  number= "11",
  pages =        "2137-2149",
  year =         "2009",
note = "", abstract = "", keywords = "", source = "", file = F }

@ARTICLE{chu09,
  author =       "S. Chung, and J. E. Slotine",
 title =        "Cooperative Robot Control and Concurrent
Synchronization of Lagrangian Systems",
  journal =      "IEEE Trans. on Robotics",
  volume =       "25",
  number= "3",
  pages =        "686-700",
  year =         "2009",
note = "", abstract = "", keywords = "", source = "", file = F }


@ARTICLE{rod04,
  author =       "A. Rodriguez-Angeles and H. Nijmeijer",
 title =        "Mutual Synchronization of Robots via Estimated
State Feedback: A Cooperative Approach",
  journal =      "IEEE Trans. on Control Systems Technology",
  volume =       "12",
  number= "4",
  pages =        "542-554",
  year =         "2004",
note = "", abstract = "", keywords = "", source = "", file = F }

@ARTICLE{ihl07,
  author =       "I. F. Ihle and M. Arcak and T. I. Fossen",
 title =        "Passivity-based designs for synchronized path-following",
  journal =      "Automatica",
  volume =       "43",
  number= "3",
  pages =        "171-196",
  year =         "2007",
note = "", abstract = "", keywords = "", source = "", file = F }

@ARTICLE{bor92,
    author = "B. Borkar and P. P. Varaiya",
    title = "Asymptotic agreement in distributed estimation",
    journal = "IEEE Trans. on Automatic Control",
    year = "1982",
    volume = "27",
   number = "3",
    page="650-655",
note = "", abstract = "", keywords = "", source = "", file = F
    }

@ARTICLE{sab07,
  author =       "R. Olfati-Saber",
 title =        "Distributed Kalman Filtering for Sensor Networks",
  journal =      "Proc. of IEEE Conf. on Decision and Control",
  volume =       "",
  number= "",
  pages =        "5492-5498",
  year =         "2007",
note = "", abstract = "", keywords = "", source = "", file = F }

@ARTICLE{sab05,
    author = "R. Olfati-Saber and J. S. Shamma",
    title = "Consensus Filters for Sensor Networks and Distributed Sensor Fusion",
    journal = "Proc. of IEEE Conf. on Decision and Control",
    year = "2005",
    volume = "",
   number = "",
    page="6698-6703",
note = "", abstract = "", keywords = "", source = "", file = F
    }


@ARTICLE{cor09,
  author =       "J. Cortes",
 title =        "Distributed Kriged Kalman filter for spatial estimation",
  journal =      "IEEE Trans. on Automatic Control",
  volume =       "54",
  number= "12",
  pages =        "2816-2827",
  year =         "2009",
note = "", abstract = "", keywords = "", source = "", file = F }


@ARTICLE{ren08,
  author =       "W. Ren",
 title =        "On consensus algorithms for double-inegrator dynamics",
  journal =      "IEEE Trans. on Automatic Control",
  volume =       "53",
  number= "6",
  pages =        "1503-1509",
  year =         "2008",
note = "", abstract = "", keywords = "", source = "", file = F }


@ARTICLE{dim081,
author =          "D. V. Dimarogonas and K. J. Kyriakopoulos",
title=            "A connection between formation infeasibility and velocity alignment in
kinematic multi-agent systems",
journal =         "Automatica",
volume =          "44",
numble =          "",
pages =           "2648-2654",
year =            "2008",
note = "", abstract = "", keywords = "", source = "", file = F
}

@ARTICLE{dim08,
author =          "D. V. Dimarogonas and K. J. Kyriakopoulos",
title=            "Connectedness Preserving Distributed Swarm Aggregation for Multiple Kinematic Robots",
journal =         "IEEE Trans. on Robotics",
volume =          "24",
numble =          "5",
pages =           "1213-1223",
year =            "2008",
note = "", abstract = "", keywords = "", source = "", file = F
}


@BOOK{gu03,
  author =       "K Gu and V. Kharitonov and J. Chen",
 title =        "Stability of time-delay systems",
publisher="Birkhauser",
  year =         "2003",
note = "", abstract = "", keywords = "", source = "", file = F }

@ARTICLE{fie01,
  author =       "R. Fierro and A. Das and V. Kumar and J. Ostrowski",
 title =        "Hybrid control of formations of robots",
  journal =      "Proc. of the IEEE Int. Conf. on Robotics and Automation",
  pages =        "157-162",
  year =         "2001",
note = "", abstract = "", keywords = "", source = "", file = F }


@ARTICLE{tan07,
author =          "H. G. Tanner and A. Jadbabaie and G. J. Pappas",
title=            "Flocking in fixed and switching networks",
journal =         "IEEE Trans. on Automatic Control",
volume =          "52",
numble =          "5",
pages =           "863-868",
year =            "2007",
note = "", abstract = "", keywords = "", source = "", file = F
}
@ARTICLE{su09,
author =          "H. Su and X. Wang and Z. Lin",
title=            "Flocking of multi-agents with a virtual leader",
journal =         "IEEE Trans. on Automatic control",
volume =          "54",
numble =          "2",
pages =           "293-307",
year =            "2009",
note = "", abstract = "", keywords = "", source = "", file = F
}

@ARTICLE{cho05,
  author =       "N. Chopra and M. W. Spong",
 title =        "On synchronization of kuramoto oscillators",
  journal =      "Proc. of IEEE Conf. on Decision and Control",
  volume =       "42",
  number= "7",
  pages =        "3916-3922",
  year =         "2005",
note = "", abstract = "", keywords = "", source = "", file = F }


@ARTICLE{jad04ACC,
  author =       "A. Jadbabaie and N. Motee and M. Barahona",
 title =        "On the stability of the kuramoto model of
coupled nonlinear oscillators",
  journal =      "Proc. of American Control Conference",
  volume =       "",
  number= "",
  pages =        "4296-4301",
  year =         "2004",
note = "", abstract = "", keywords = "", source = "", file = F }

@ARTICLE{sab05CDC,
  author =       "R. Olfati-Saber",
 title =        "Distributed kalman filter with embedded consensus filter",
  journal =      "Proc. of IEEE Conf. on Decision and Control",
  volume =       "",
  number= "",
  pages =        "8179-8185",
  year =         "2005",
note = "", abstract = "", keywords = "", source = "", file = F }


@ARTICLE{hes04,

author =          "J. Hespanha",

title=            "Uniform Stability of Switched Linear Systems: Extensions of LaSalle's Invariance Principle",

journal =         "IEEE Trans. on Automatic control",

volume =          "49",
numble =          "4",
pages =           "470-482",
year =            "2004",
note = "", abstract = "", keywords = "", source = "", file = F
}


@BOOK{fos94,

author =          "T. I. Fossen",

title=            "Guidance and Control of Ocean Vehicles",

publisher =         "New York: Wiley",

volume =          "",
numble =          "",
pages =           "",
year =            "1994",
note = "", abstract = "", keywords = "", source = "", file = F
}
@ARTICLE{kim05,

author =          "Y. Kim and M. Mesbahi",

title=            "On maximizing the second smallest eigenvalue of a state-dependent graph Laplacian",

journal =         "IEEE Trans. on Automatic control",

volume =          "51",
numble =          "1",
pages =           "116-120",
year =            "2006",
note = "", abstract = "", keywords = "", source = "", file = F
}

@ARTICLE{had83,

  author =       "J. R. Haddock and J. Terjeki",
 title =        "Lyapunov-Razumikhin functions and an invariance principle for functional differential equations",
  journal =      "J. Differential Equations",
  volume =       "48",
  pages =        "95-122",
  year =         "1983",
note = "", abstract = "", keywords = "", source = "", file = F }

@ARTICLE{and99,

  author =       "H. Ando and Y. Oasa and I. Suzuki and M. Yamashita",
 title =        "Distributed memoryless point convergence algorithm for mobile robots with limited visibility",
  journal =      "IEEE Trans. on Robotics and Automation",
  volume =       "15",
number="5",
  pages =        "818-828",
  year =         "1999",
note = "", abstract = "", keywords = "", source = "", file = F }

@ARTICLE{and95,

  author =       "H. Ando and I. Suzuki and M. Yamashita",
 title =        "Formation and agreement problems for synchronous mobile robots with limited visibility",
  journal =      "Proc. of IEEE Int. Symposium on Intelligence Control",
  volume =       "",
number="",
  pages =        "453-460",
  year =         "1995",
note = "", abstract = "", keywords = "", source = "", file = F }

@ARTICLE{ark92,

  author =       "R. C. Arkin",
 title =        "Cooperation without communication: multiagent schemabased robot navigation",
  journal =      "J. of Robotic Systems",
  volume =       "9",
  pages =        "351-364",
  year =         "1992",
note = "", abstract = "", keywords = "", source = "", file = F }

@ARTICLE{ast96,
  author =       "A. Astolfi",
 title =        "Discontinuous control of nonholonomic systems",
  journal =      "Systems and Control Letters",
  volume =       "27",
  pages =        "37-45",
  year =         "1996",
note = "", abstract = "", keywords = "", source = "", file = F }

@ARTICLE{bal98,

  author =       "T. Balch and R. C. Arkin",
 title =        "Behavior-based formation control for multirobot teams",
  journal =      "IEEE Trans. on Robotics and Automation",
  volume =       "14",
number="6",
  pages =        "926-939",
  year =         "1998",
note = "", abstract = "", keywords = "", source = "", file = F }

@ARTICLE{bea01,

  author =       "R. W. Beard and J. Lawton and F. Y. Hadaegh",
 title =        "A Coordination Architecture for Spacecraft Formation Control",
  journal =      "IEEE Trans. on Control Systems Technology",
  volume =       "9",
number="6",
  pages =        "777-790",
  year =         "2001",
note = "", abstract = "", keywords = "", source = "", file = F }

@ARTICLE{ben95,

  author =       "M. K. Bennani and P. Rouchon",
 title =        "Robust stabilization of flat and chained systems",
  journal =      "Proc. of the third European Control Conf.",
  pages =        "2630-2635",
  year =         "1995",
note = "", abstract = "", keywords = "", source = "", file = F }

@BOOK{btc,

  author =       "S. P. Bhattacharyya and H. Chapellet and L. H. Keel",
 title =        "Robust Control: The Parameter Approach",
publisher="Prentice Hall",
  year =         "1995",
note = "", abstract = "", keywords = "", source = "", file = F }

@ARTICLE{blo92,

  author =       "A. M. Bloch and M. Reyhanoglu and N. H. McClamroch",
 title =        "Control and stabilization of nonholonomic dynamic systems",
  journal =      "IEEE Trans. on Automatic Control",
  volume =       "37",
  pages =        "1746-1757",
  year =         "1992",
note = "", abstract = "", keywords = "", source = "", file = F }

@ARTICLE{blo96,

  author =       "A. M. Bloch and S. Drakunov",
 title =        "Stabilization and tracking in the nonholonomic integrator via sliding modes",
  journal =      "Systems and Control Letters",
  volume =       "29",
number="2",
  pages =        "91-99",
  year =         "1996",
note = "", abstract = "", keywords = "", source = "", file = F }

@BOOK{bro83,

  author =       "R. Brockett",
 title =        "Asymptotic stability and feedback stabilization",
  journal =      "Differential Geometric Control Theory, R. Brockett, R. Millman, and H. Sussmann, Eds.",
publisher="Boston, MA: Birkhauser",
  pages =        "181-208",
  year =         "1983",
note = "", abstract = "", keywords = "", source = "", file = F }

@ARTICLE{cam91,

  author =       "G. Campion and G. Bastin and B. d'Andrea-Novel",
 title =        "Structure properties and classification of kinematic and dynamic models of wheeled mobile robots",
  journal =      "IEEE Trans. Robotics and Automation",
  volume =       "12",
  pages =        "47-62",
  year =         "1991",
note = "", abstract = "", keywords = "", source = "", file = F }

@ARTICLE{cam96,

  author =       "G. Campion and G. Bastin and B. d'Andrea-Novel",
 title =        "Structure properties and classification of kinematic and dynamic models of wheeled mobile robots",
  journal =      "IEEE Trans. Robotics and Automation",
  volume =       "12",
  pages =        "47-62",
  year =         "1996",
note = "", abstract = "", keywords = "", source = "", file = F }

@BOOK{can93,

  author =       "C. Canudas de Wit and H. Khennouf and C. Samson and O. J. Sordalen",
 title =        "Nonlinear control design for mobile robots",
  journal =      "Recent Trends in Mobile Robots, Y. F. Zheng (Ed.)",
publisher="World Scientific",
  year =         "1993",
note = "", abstract = "", keywords = "", source = "", file = F }

@ARTICLE{can92,

  author =       "de wit C. Canudas and O. J. Sordalen",
 title =        "Exponential stabilization of mobile robots with nonholonomic constraints",
  journal =      "IEEE Trans. on Auto. Contr.",
  volume =       "37",
  pages =        "1791-1797",
  year =         "1992",
note = "", abstract = "", keywords = "", source = "", file = F }


@ARTICLE{can95,

  author =       "de wit C. Canudas and H. Khennouf",
 title =        "Quasi-continuous stabilizing controllers for nonholonomic systems: design and robustness consideration",
  journal =      "Proc. of the third European Control Conf.",
  year =         "1995",
  pages =        "2630-2635",
note = "", abstract = "", keywords = "", source = "", file = F }

@ARTICLE{cha96,

  author =       "Y. C. Chang and B. S. Chen",
 title =        "Adaptive tracking control design of nonholonomic mechanical systems",
  journal =      "Proc. of IEEE Conf. on Decision and Control",
  pages =        "4739-4744",
  year =         "1996",
note = "", abstract = "", keywords = "", source = "", file = F }

@ARTICLE{che96,

  author =       "B. S. Chen and T. S. Lee and W. S. Chang",
 title =        "A robust $H^\infty$ model reference tracking design for non-holonomic mechanical control systems",
  journal =      "Int. J. Control",
  volume =       "63",
  pages =        "283-306",
  year =         "1996",
note = "", abstract = "", keywords = "", source = "", file = F }


@ARTICLE{col96,

  author =       "R. Colbaugh and R. Barany and K. Glass",
 title =        "Adaptive control of nonholonomic mechanical systems",
  journal =      "Proc. of the IEEE Conf. on Decision and Control",
  year =         "1996",
  pages =        "1428-1434",
note = "", abstract = "", keywords = "", source = "", file = F }

@BOOK{chu97,
  author =       "F. R. K. Chung",
 title =        "Spectral Graph Theory",
publisher = "Regional Conf. Series in Mathematics of Amer. Mathematical Soc.",
  volume =       "92",
  year =         "1997",
file = F }


@ARTICLE{che94,
  author =       "Q. Chen and J. Y. S. Luh",
 title =        "Coordination and control of a group of small mobile robots",
  journal =      "Proc. IEEE Int. Conf. Robotics and Automation",
  year =         "1994",
  pages =        "2315-2320",
note = "", abstract = "", keywords = "", source = "", file = F }

@BOOK{das02,
  author =       "A. K. Das and R. Fierro and V. Kumar",
 title =        "Cooperative Control and Optimization of Applied Optimization, in Control Graphs for Robot Networks",
publisher="Norwell, MA: Kluwer",
  year =         "2002",
  pages =        "55-63",
 note = "", abstract = "", keywords = "", source = "", file = F }

@ARTICLE{des98,
  author =       "J.P. Desai and J. Ostrowski and V. Kumar",
 title =        "Controlling formations of multiple mobile robots",
  journal =      "Proc. of the IEEE Int. Conf. on Robotics and Automation",
  pages =        "2864-2869",
  year =         "1998",
note = "", abstract = "", keywords = "", source = "", file = F }

@ARTICLE{dan1,
  author =       "B. d'Andrea-Novel and G. Campion and G. Bastin",
 title =        "Control of nonholonomic wheeled mobile robots by state feedback linearization",
  journal =      "Int. J. Robotics Research",
  volume =       "14",
  pages =        "543-559",
  year =         "1995",
note = "", abstract = "", keywords = "", source = "", file = F }

@ARTICLE{des01,
  author =       "J. P. Desai and J. P. Ostrowski and V. Kumar",
 title =        "Modeling and control of formations of nonholonomic mobile robots",
  journal =      "IEEE Trans. Robot. Automat.",
  volume =       "17",
  pages =        "905-908",
  year =         "2001",
note = "", abstract = "", keywords = "", source = "", file = F }

@BOOK{die,
  author =       "R. Diestel",
 title =        "Graph Theory",
publisher="Springer-Verlag",
  year =         "1997",
note = "", abstract = "", keywords = "", source = "", file = F }

@BOOK{dgu98,
  author =       "L. Dugard and E. I. Veriest",
 title =        "Stability and Control of Time-delay Systems",
publisher="London, New York: Springer",
  year =         "1998",
note = "", abstract = "", keywords = "", source = "", file = F }

@ARTICLE{dongFarrell,
  author =       "W. Dong and J. A. Farrell",
 title =        "Cooperative control of multiple nonholonomic mobile agents",
  journal =      "IEEE Trans. on Auto. Contr.",
  year =         "in press, 2008",
note = "", abstract = "", keywords = "", source = "", file = F }

@ARTICLE{dun06,
  author =       "W. B. Dunbar and R. M. Murray",
 title =        "Distributed receding horizon control with application to multi-vehicle formation stabilization",
  journal =      "Automatica",
  volume =       "2",
number="4",
  pages =        "549-558",
  year =         "2006",
note = "", abstract = "", keywords = "", source = "", file = F }

@ARTICLE{ere02,
  author =       "T. Eren and P. N. Belhumeur and A. S. Morse",
 title =        "Closing ranks in vehicle formations based on rigidity",
  journal =      "Proc. IEEE Conf. Decision and Control",
  pages =        "2959-2964",
  year =         "2002",
note = "", abstract = "", keywords = "", source = "", file = F }

@ARTICLE{fax04,
  author =       "J. A. Fax and R. M. Murray",
 title =        "Information flow and cooperative control of vehicle formations",
  journal =      "IEEE Trans. on Auto. Contr.",
  volume =       "49",
  pages =        "1465-1476",
  year =         "2004",
note = "", abstract = "", keywords = "", source = "", file = F }

@ARTICLE{fed02,
  author =       "J. T. Feddema and C. Lewis and D. A. Schoenwald",
 title =        "Decentralized Control of Cooperative Robotic Vehicles: Theory and Application",
  journal =      "IEEE Trans. Robotics and Automation",
  volume =       "18",
number="5",
  pages =        "852-864",
  year =         "2002",
note = "", abstract = "", keywords = "", source = "", file = F }

@ARTICLE{fie01,
  author =       "R. Fierro and A. Das and V. Kumar and J. Ostrowski",
 title =        "Hybrid control of formations of robots",
  journal =      "Proc. of the IEEE Int. Conf. on Robotics and Automation",
  pages =        "157-162",
  year =         "2001",
note = "", abstract = "", keywords = "", source = "", file = F }

@ARTICLE{fie98,
  author =       "R. Fierro and F. L. Lewis",
 title =        "Control of a nonholonomic mobile robot using neural networks",
  journal =      "IEEE Trans.s on Neural Networks",
  volume =       "9",
number="4",
  pages =        "589-600",
  year =         "1998",
note = "", abstract = "", keywords = "", source = "", file = F }

@ARTICLE{fli95,
  author =       "M. Fliess and J. Levine and P. Martin and P. Rouchon",
 title =        "Flatness and defect of nonlinear systems: introductory theory and examples",
  journal =      "Int. J. Control",
  volume =       "61",
  pages =        "1327-1361",
  year =         "1995",
note = "", abstract = "", keywords = "", source = "", file = F }

@ARTICLE{fli95a,
  author =       "M. Fliess and J. Levine and P. Martin and P. Rouchon",
 title =        "Design of trajectory stabilizing feedback for driftless flat systems",
  journal =      "Proc. European Control Conf.",
  pages =        "1882-1887",
  year =         "1995",
note = "", abstract = "", keywords = "", source = "", file = F }

@ARTICLE{gaz03,
  author =       "V. Gazy and K. M. Passino",
 title =        "Stability analysis of swarms",
  journal =      "IEEE Trans. on Auto. Contr.",
  volume =       "48",
  pages =        "692-697",
  year =         "2003",
note = "", abstract = "", keywords = "", source = "", file = F }

@ARTICLE{giu00,
  author =       "F. Giulietti and L. Pollini and M. Innocenti",
 title =        "Autonomous formation flight",
  journal =      "IEEE Control Systems Magazine",
  volume =       "20",
  pages =        "34-44",
  year =         "2000",
note = "", abstract = "", keywords = "", source = "", file = F }

@BOOK{hor87,
  author =       "R. A. Horn and C. R. Johnson",
  title =      "Matrix Analysis",
publisher="Cambridge University Press",
  year =         "1987",
note = "", abstract = "", keywords = "", source = "", file = F }

@ARTICLE{huo01,
  author =       "w. Huo and S. S. Ge",
 title =        "Exponential stabilization of nonholonomic systems: an ENI approach",
  journal =      "Int. J. of Control",
  volume =       "74",
number="15",
  pages =        "1492-1500",
  year =         "2001",
note = "", abstract = "", keywords = "", source = "", file = F }

@BOOK{ioa96,
  author =       "P. Ioannou and J. Sun",
 title =        "Robust Adaptive Control",
publisher="Prentice Hall Inc.",
  year =         "1996",
note = "", abstract = "", keywords = "", source = "", file = F }

@ARTICLE{jad03,
  author =        "A. Jadbabaie and J. Lin and A. S. Morse",
 title =        "Coordination of groups of mobile autonomous agents using nearest neighbor rules",
  journal =      "IEEE Trans. on Automatic Control",
  volume =       "48",
  pages =        "988-1001",
  year =         "2003",
note = "", abstract = "", keywords = "", source = "", file = F }


@ARTICLE{jus02,
  author =       "E. W. Justh and P. S. Krishnaprasad",
 title =        "A simple control law for UAV formation flying, Inst. Syst. Res., Univ. Maryland, College Park, MD, Tech. Rep. TR 2002-38",
  year =         "2002",
note = "", abstract = "", keywords = "", source = "", file = F }

@ARTICLE{jus04,
  author =       "E. W. Justh and P. S. Krishnaprasad",
 title =        "Equilibrium and steering laws for planar formations",
  journal =      "System and Control Letters",
  volume =       "52",
  pages =        "25-38",
  year =         "2004",
note = "", abstract = "", keywords = "", source = "", file = F }

@ARTICLE{kan02,
  author =       "W. Kang and H.-H. Yeh",
 title =        "Coordinated attitude control of multi-satellite systems",
  journal =      "Int. J. of Robust and Nonlinear Control",
  volume =       "12",
  pages =        "185-205",
  year =         "2002",
note = "", abstract = "", keywords = "", source = "", file = F }



\bibitem {kim05} Y. Kim and M. Mesbahi",
 title =        "On maximizing the second smallest eigenvalue of a state-dependent graph Laplacian",
  journal =      "IEEE Trans. on Automatic control",
  volume =       "51",
number="1",
  pages =        "116-120",
  year =         "2005",
note = "", abstract = "", keywords = "", source = "", file = F }

@ARTICLE{laf,
  author =       "G. Lafferriere and J. Caughman and A. Williams",
 title =        "Graph theoretic methods in the stability of veicle formations",
  journal =      "Proc. of Ameircan Control Conf.",
  pages =        "3729-3734",
  year =         "2004",
note = "", abstract = "", keywords = "", source = "", file = F }


@BOOK{krs95,
  author =       "M. Krstic and I. Kanellakopoulos and P. Kokotovic",
 title =        "Nonlinear and Adaptive Control Design",
publisher="John Wiley \& Sons, Inc., New York",
  year =         "1995",
file = F }

@ARTICLE{laf1,
  author =       "G. Lafferriere and A. Williams and J. Caughman and J. J. P. Veermany",
 title =        "Decentralized control of vehicle formations",
  journal =      "Systems and Control Letters",
  volume =       "53",
  pages =        "899-910",
  year =         "2005",
note = "", abstract = "", keywords = "", source = "", file = F }

@ARTICLE{law03,
  author =       "J. R. T. Lawton and R. W. Beard and  B. Young",
 title =        "A decentralized approach to formation maneuvers",
  journal =      "IEEE Trans. on Robotics and Automation",
  volume =       "19",
number="6",
  pages =        "933-941",
  year =         "2003",
note = "", abstract = "", keywords = "", source = "", file = F }

@ARTICLE{leo01,
  author =       "N. E. Leonard and E. Fiorelli",
 title =        "Virtual leaders, artificial potentials and coordinated control of groups",
  journal =      "Proc. of the IEEE Conf. on Decision and Control",
  pages =        "2968-2973",
  year =         "2001",
note = "", abstract = "", keywords = "", source = "", file = F }

@BOOK{lew93,
  author =       "F. Lewis and C. Abdallah and D. Dawson",
 title =        "Control of Robot Manipulators",
publisher="Macmillan: New York",
  year =         "1993",
file = F }

@ARTICLE{lew97,
  author =       "M. A. Lewis and K.-H. Tan",
 title =        "High precision formation control of mobile robots using virtual structures",
  journal =      "Autonomous Robots",
  volume =       "4",
  pages =        "387-403",
  year =         "1997",
note = "", abstract = "", keywords = "", source = "", file = F }

@ARTICLE{lin05,
  author =       "Z. Lin and B. Francis and M. Maggiore",
 title =        "Necessary and sufficient graphical conditions for formation control of unicycles",
  journal =      "IEEE Trans. on Auto. Contr.",
  volume =       "50",
number="1",
  pages =        "121-127",
  year =         "2005",
note = "", abstract = "", keywords = "", source = "", file = F }

@ARTICLE{lin06,
  author =       "Z. Lin and B. Francis and M. Maggiore",
 title =        "State agreement for coupled nonlinear systems with time-varying interaction",
  journal =      "SIAM J. of Control and Optimization",
  volume =       "46",
number="1",
  pages =        "288-307",
  year =         "2007",
note = "", abstract = "", keywords = "", source = "", file = F }

@ARTICLE{liu04,
  author =       "Y. Liu and K. M. Passino and M. M. Polycarpou",
 title =        "Stable Social Foraging Swarms in a Noisy Environment",
  journal =      "IEEE Trans. Auto. Contr.",
  volume =       "49",
number="1",
  pages =        "30-44",
  year =         "2004",
note = "", abstract = "", keywords = "", source = "", file = F }

@ARTICLE{liu06,
  author =       "Y. Liu and K. M. Passino",
 title =        "Cohesive Behaviors of Multiagent Systems With Information Flow Constraints",
  journal =      "IEEE Trans. Auto. Contr.",
  volume =       "51",
number="11",
  pages =        "1734-1748",
  year =         "2006",
note = "", abstract = "", keywords = "", source = "", file = F }

@BOOK{lyn95,
  author =       "N. A. Lynch",
 title =        "Distributed Algorithms",
publisher="Morgan Kaufmann Publishers, Inc.",
  year =         "1997",
file = F }

@ARTICLE{mar04,
  author =       "J. A. Marshall and M. E. Broucke and B. A. Francis",
 title =        "Formations of vehicles in cyclic pursuit",
  journal =      "IEEE Trans. on Auto. Contr.",
  volume =       "49",
number="11",
  pages =        "1963-1974",
  year =         "2004",
note = "", abstract = "", keywords = "", source = "", file = F }

@ARTICLE{mar06,
  author =       "J. A. Marshall and M. E. Broucke and B. A. Francis",
 title =        "Pursuit formations of unicycles",
  journal =      "Automatica",
  volume =       "42",
number="1",
  pages =        "3-12",
  year =         "2006",
note = "", abstract = "", keywords = "", source = "", file = F }

@ARTICLE{mcc88,
  author =       "N. McClamroch and D. Wang",
 title =        "Feedback stabilization and tracking of constrained robots",
  journal =      "IEEE Trans. on Auto. Contr.",
  volume =       "33",
number="5",
  pages =        "419-426",
  year =         "1988",
note = "", abstract = "", keywords = "", source = "", file = F }

@ARTICLE{mer95,
  author =       "R. Merris",
 title =        "A survey of graph Laplacians",
  journal =      "Linear and Multilinear Algebra",
  volume =       "39",
  pages =        "19-31",
  year =         "1995",
note = "", abstract = "", keywords = "", source = "", file = F }

@ARTICLE{mer98,
  author =       "R. Merris",
 title =        "Laplacian graph eigenvectors",
  journal =      "Linear Algebra Appl",
  volume =       "278",
  pages =        "221-236",
  year =         "1998",
note = "", abstract = "", keywords = "", source = "", file = F }

@ARTICLE{mes01,
  author =       "M. Mesbahi and F. Y. Hadaegh",
 title =        "Formation flying control of multiple spacecraft via graphs, matrix inequalities, and switching",
  journal =      "AIAA J. of Guidance, Control, and Dynamics",
  volume =       "24",
  pages =        "369-377",
  year =         "2001",
note = "", abstract = "", keywords = "", source = "", file = F }

@ARTICLE{mor05,
  author =       "L. Moreau",
 title =        "Stability of multiagent systems with time-dependent communication links",
  journal =      "IEEE Trans. on Auto. Contr.",
  volume =       "50",
number="2",
  pages =        "169-182",
  year =         "2005",
note = "", abstract = "", keywords = "", source = "", file = F }

@ARTICLE{mor96,
  author =       "A. S. Morse",
 title =        "Supervisory control of families of linear set-point controllers part 1: exact matchings",
  journal =      "IEEE Trans. Auto. Contr.",
  volume =       "41",
number="10",
  pages =        "1413-1431",
  year =         "1996",
note = "", abstract = "", keywords = "", source = "", file = F }

@ARTICLE{ogr04,
  author =       "P. Ogren and E. Fiorelli and N. E. Leonard",
 title =        "Cooperative control of mobile sensor networks: adaptive gradient climbing in a distributed environment",
  journal =      "IEEE Trans. on Auto. Contr.",
  volume =       "40",
number="8",
  pages =        "1292-1302",
  year =         "2004",
note = "", abstract = "", keywords = "", source = "", file = F }

@ARTICLE{sab02,
  author =       "R. Olfati-Saber and R. M. Murray",
 title =        "Distributed structural stabilization and tracking for formations of dynamic multiagents",
  journal =      "Proc. IEEE Conf. Decision and Control",
  year =         "2002",
  pages =        "209-215",
note = "", abstract = "", keywords = "", source = "", file = F }

@ARTICLE{sab03,
  author =       "R. Olfati-Saber and R. M. Murray",
 title =        "Consensus protocols for networks of dynamic agents",
  journal =      "Proc. of American Control conf.",
  pages =        "951-956",
  year =         "2003",
note = "", abstract = "", keywords = "", source = "", file = F }

@ARTICLE{sab04,
  author =       "R. Olfati-Saber and R. M. Murray",
 title =        "Consensus problems in networks of agents with switching topology and time-delays",
  journal =      "IEEE Trans. on Auto. Contr.",
  volume =       "49",
  pages =        "101-115",
  year =         "2004",
note = "", abstract = "", keywords = "", source = "", file = F }

@ARTICLE{sab06,
  author =       "R. Olfati-Saber",
 title =        "Flocking for multi-agent dynamic systems: algorithms and theory",
  journal =      "IEEE Trans. on Auto. Contr.",
  volume =       "51",
number="3",
  pages =        "401-420",
  year =         "2006",
note = "", abstract = "", keywords = "", source = "", file = F }

@ARTICLE{ren02,
  author =       "W. Ren and R. W. Beard",
 title =        "Virtual structure based spacecraft formation control with formation feedback",
  journal =      "Proc. of AIAA Guidance, Navigation, and Control Conference, (Monterey, CA), American Institute of Aeronautics and Astronautics",
  year =         "2002",
note = "", abstract = "", keywords = "", source = "", file = F }

@ARTICLE{ogr02,
  author =       "P. Ogren and M. Egerstedt and X. Hu",
 title =        "A control Lyapunov function approach to multiagent coordination",
  journal =      "IEEE Trans. on Robotics and Automation",
  volume =       "18",
  pages =        "847-851",
number="5",
  year =         "2002",
note = "", abstract = "", keywords = "", source = "", file = F }

@ARTICLE{par98,
  author =       "L. E. Parker",
 title =        "ALLIANCE: An architecture for fault tolerant multirobot cooperation",
  journal =      "IEEE Trans. on Robotics and Automation",
  volume =       "14",
  pages =        "220-240",
  year =         "1998",
note = "", abstract = "", keywords = "", source = "", file = F }

@ARTICLE{ren041,
  author =       "W. Ren and R. W. Beard",
 title =        "Consensus of information under dynamically changing interaction topologies",
  journal =      "Proc. of American Control Conf.",
  pages =        "4939-4944",
  year =         "2004",
note = "", abstract = "", keywords = "", source = "", file = F }

@ARTICLE{ren04,
  author =       "W. Ren and R. W. Beard",
 title =        "Formation feedback control for multiple spacecraft via virtual structures",
  journal =      "IEE Proceedings - Control Theory and Applications",
  volume =       "151",
number="3",
  pages =        "357-368",
  year =         "2004",
note = "", abstract = "", keywords = "", source = "", file = F }

@ARTICLE{ren05,
  author =       "W. Ren and R. W. Beard",
 title =        "Consensus seeking in multi-agent systems under dynamically changing interaction topologies",
  journal =      "IEEE Trans. on Automatic Control",
  volume =       "50",
number="5",
  pages =        "655-661",
  year =         "2005",
note = "", abstract = "", keywords = "", source = "", file = F }



@ARTICLE{skj02,
  author =       "R. Skjetne and S. Moi and T. I. Fossen",
 title =        "Nonlinear formation control of marine craft",
  journal =      "Proc. of IEEE on Decision and control conf.",
  pages =        "1699-1704",
  year =         "2002",
note = "", abstract = "", keywords = "", source = "", file = F }

@BOOK{slo91,
  author =       "J. E. Slotine and W. Li",
 title =        "Applied Nonlinear Control",
publisher="Englewood Cliffs, N.J.: Prentice Hall",
  year =         "1991",
file = F }

@ARTICLE{sor95,
  author =       "O. J. Sordalen and O. Egeland",
 title =        "Exponential stabilization of nonholonomic chained systems",
  journal =      "IEEE Trans. on Automatic Control",
  volume =       "40",
  pages =        "35-49",
  year =         "1995",
note = "", abstract = "", keywords = "", source = "", file = F }

@ARTICLE{sti00,
  author =       "D. J. Stilwell and B. E. Bishop",
 title =        "Platoons of underwater vehicles",
  journal =      "IEEE Control Systems Magazine",
  volume =       "20",
  pages =        "45-52",
  year =         "2000",
note = "", abstract = "", keywords = "", source = "", file = F }

@ARTICLE{sug96,
  author =       "K. Sugihara and I. Suzuki",
 title =        "Distributed algorithms for formation of geometric patterns with many mobile robots",
  journal =      "J. Robot. Syst.",
  volume =       "13",
number="3",
  pages =        "127-139",
  year =         "1996",
note = "", abstract = "", keywords = "", source = "", file = F }

@ARTICLE{sug90,
  author =       "K. Sugihara and I. Suzuki",
 title =        "Distributed motion coordination of multiple robots",
  journal =      "Proceedings of IEEE Int. Symp. on Intelligent Control",
  year =         "1990",
  pages =        "138-143",
note = "", abstract = "", keywords = "", source = "", file = F }

@ARTICLE{suz99,
  author =       "I. Suzuki and M. Yamashita",
 title =        "Distributed anonymous mobile robots: formation of geometric patterns",
  journal =      "SIAM J. Computation",
  volume =       "28",
number="4",
  pages =        "1347-1363",
  year =         "1999",
note = "", abstract = "", keywords = "", source = "", file = F }


@ARTICLE{law00,
  author =       "J. Lawton and R. W. Beard",
 title =        "Synchronized multiple spacecraft rotations",
  journal =      "Automatica",
  volume =       "38",
number="8",
  pages =        "1359-1364",
  year =         "2000",
note = "", abstract = "", keywords = "", source = "", file = F }

@ARTICLE{skj02,
  author =       "R. Skjetne and S. Moi and T. I. Fossen",
 title =        "Nonlinear formation control of marine craft",
  journal =      "Proc. of the IEEE Conf. on Decision and Control",
  pages =        "1699-1704",
  year =         "2002",
note = "", abstract = "", keywords = "", source = "", file = F }

@ARTICLE{tan04,
  author =       "H. G. Tanner and G. J. Pappas and V. Kumar",
 title =        "Leader-to-Formation Stability",
  journal =      "IEEE Trans. on Robotics and Automation",
  volume =       "20",
  pages =        "443-455",
  year =         "2004",
note = "", abstract = "", keywords = "", source = "", file = F }

@ARTICLE{tan03,
  author =       "H. G. Tanner and A. Jadbabaie and G. J. Pappas",
 title =        "Stable Flocking of Mobile Agents, Part I: Fixed Topology",
  journal =      "42nd IEEE Conf. on Decision and Control",
  year =         "2003",
  pages =        "2010-2015",
note = "", abstract = "", keywords = "", source = "", file = F }

@ARTICLE{tan031,
  author =       "H. G. Tanner and A. Jadbabaie and G. J. Pappas",
 title =        "Stable Flocking of Mobile Agents, Part II: Dynamic Topology",
  journal =      "42th IEEE Conf. on Decision and Control",
  year =         "2003",
  pages =        "2016-2021",
note = "", abstract = "", keywords = "", source = "", file = F }

@ARTICLE{tan06,
  author =       "H. G. Tanner and A. Jadbabaie and G. J. Pappas",
 title =        "Flocking in Fixed and Switching Networks",
  journal =      "IEEE Trans. on Automatic Control",
  volume =       "52",
number="5",
  pages =        "863-868",
  year =         "2007",
note = "", abstract = "", keywords = "", source = "", file = F }

@ARTICLE{vel99,
  author =       "M. Veloso and P. Stone and K. Han",
 title =        "The CMUnited-97 robotic soccer team: Perception and multi-agent control",
  journal =      "Robot. Auton. Syst.",
  volume =       "29",
  pages =        "133-143",
  year =         "1999",
note = "", abstract = "", keywords = "", source = "", file = F }

@ARTICLE{wen91,
  author =       "J.T.-Y. Wen and K. Kreutz-Delgado",
 title =        "The attitude control problem",
  journal =      "IEEE Trans. on Auto. Contr.",
  volume =       "36",
  pages =        "1148-1162",
  year =         "1991",
note = "", abstract = "", keywords = "", source = "", file = F }

@ARTICLE{wie89,
  author =       "B. Wie and H.Weiss and A. Apapostathis",
 title =        "Quaternion feedback regulator for spacecraft eigenaxis rotations",
  journal =      "AIAA J. of Guidance, Control, and Dynamics",
  volume =       "12",
  pages =        "375-380",
  year =         "1989",
note = "", abstract = "", keywords = "", source = "", file = F }

@ARTICLE{wan96,
  author =       "P. K. C. Wang and F. Y. Hadaegh",
 title =        "Coordination and control of multiple microspacecraft moving in formation",
  journal =      "The J. of the Astronautical Sciences",
  volume =       "44",
number="3",
  pages =        "315-355",
  year =         "1996",
note = "", abstract = "", keywords = "", source = "", file = F }

@ARTICLE{wan91,
  author =       "P. K. C. Wang",
 title =        "Navigation strategies for multiple autonomous mobile robots moving in for- mation",
  journal =      "J. of Robotic Systems",
  volume =       "8",
number="2",
  pages =        "177-195",
  year =         "1991",
note = "", abstract = "", keywords = "", source = "", file = F }

@ARTICLE{wol63,
  author =       "J. Wolfowitz",
 title =        "Products of indecomposable, aperiodic, stochastic matrices",
  journal =      "Proc. of the American Mathematical Society",
  volume =       "15",
  pages =        "733-736",
  year =         "1963",
note = "", abstract = "", keywords = "", source = "", file = F }

@ARTICLE{yan04,
  author =       "Y. Yang and A. A. Minai and M. M. Polyearpou",
 title =        "Decentralized cooperative search by networked UAVs in an uncertain environment",
  journal =      "Proc. American Control Conf.",
  year =         "2004",
  pages =        "5558-5563",
note = "", abstract = "", keywords = "", source = "", file = F }


@ARTICLE{yon01,
  author =       "B. Young and R. Beard and J. Kelsey",
 title =        "A control scheme for improving multi-vehicle formation maneuvers",
  journal =      "Proc. of the American Control Conference",
  year =         "2001",
  pages =        "704-709",
note = "", abstract = "", keywords = "", source = "", file = F }

@ARTICLE{yam99,
  author =       "H. Yamaguchi",
 title =        "A cooperative hunting behavior by mobile robots troops",
  journal =      "Int. J. of Robotics Research",
  volume =       "18",
  pages =        "921-940",
  year =         "1999",
note = "", abstract = "", keywords = "", source = "", file = F }

@ARTICLE{yam03,
  author =       "H. Yamaguchi",
 title =        "A distributed motion coordination strategy for multiple nonholonomic mobile robots in cooperative hunting operations",
  journal =      "Robotics and Autonomous Systems",
  volume =       "43",
  pages =        "257-282",
  year =         "2003",
note = "", abstract = "", keywords = "", source = "", file = F }

@ARTICLE{agu06,

author= "A. Aguiar and  R. Ghabcheloo and  A. Pascoal and  C. Silvestre and  J. Hespanha and I. Kaminer",

title = "Coordinated path-following of multiple underactuated
autonomous vehicles with bidirectional communication constraints",
journal="Proc. of Int. Symp. on Communications, Control and Signal
Processing",
year="2006",
note = "", abstract = "", keywords = "", source = "", file = F

}

@BOOK{arr06,

author="F. Arrichiello and  S. Chiaverini and T. I. Fossen",
title="Formation
control of marine surface vessels using the null-space-based
behavioral control, in Group Coordination and Cooperative
Control (K. Y. Pettersen, T. Gravdahl, and H. Nijmeijer, Eds.).
LNCISS, vol. 336.",
publisher="Springer-Verlag",
year="2006",
 file = F


}

@ARTICLE{arr061,

author="F. Arrichiello and   S. Chiaverini and T. I. Fossen",
title="Formation control of underactuated surface vessels using the null-space-based
behavioral control",
journal="Proc. of IEEE/RSJ Int. Conf. on
Intelligent Robots and Systems",
pages="5942-5947",
year="2006",
note = "", abstract = "", keywords = "", source = "", file = F
}

@ARTICLE{beh02,
author="A. Behal and D. M. Dawson and W. E. Dixon and
Y. Fang",
title="Tracking and regulation control of an underactuated
surface vessel with nonintegrable dynamics",
journal="IEEE Trans. on Automatic Control",
volume="47",
pages="495-900",
year="2002",
note = "", abstract = "", keywords = "", source = "", file = F
}
%
@ARTICLE{ber99,
author="S. Berge and K. Ohtsu and T. Fossen",
title="Nonlinear control of ships
minimizing the position tracking errors",
journal="Modeling Identification Control",
volume="20",
pages="141-147",
year="1999",note = "", abstract = "", keywords = "", source = "", file = F
}

@ARTICLE{bor06,

author="E. B{\o}rhaug and A. Pavlov and K. Y.Pettersen",
title="Cross-track formation
control of underactuated surface vessels",
journal="Proc. the IEEE Conf. on Decision and Control",
pages="5955-5961",
year="2006",note = "", abstract = "", keywords = "", source = "", file = F

}

@BOOK{bre06,

author="M. Breivik and  M. V. Subbotin and T. I. Fossen",
title="Kinematic aspects of guided formation control in 2D, in Group Coordination and
cooperative control (K. Y. Pettersen, T. Gravdahl, and H.
Nijmeijer, Eds.). LNCISS, vol. 336,",
publisher="Springer-Verlag",
year="2006",
 file = F

}


@ARTICLE{fan00,
author="I. Fantoni and R. Lozano and F. Mazenc and K. Y. Pettersen",
title="Stabilization of a nonlinear underactuated hovercraft",
journal="Int. J. Robust Nonlinear Control",
volume="10",
number="8",  pages="645-654", year="2000",
note = "", abstract = "", keywords = "", source = "", file = F

}

@ARTICLE{god96,

author="J.-M.
Godhavn",
title="Nonlinear tracking of underactuated surface vessels",
journal="Proc. of 35th Conf. Decision Control",
pages="975-980",
year="1996",
note = "", abstract = "", keywords = "", source = "", file = F

}

@BOOK{ihl06,
author="I.-A. Ihle and  J. Jouffroy and T. I. Fossen",
title="Robust Formation
Control of Marine Craft using Lagrange Multipliers. In Group
Coordination and Cooperative Control (K. Y. Pettersen, T. Gravdahl,
and H. Nijmeijer, Eds.). LNCISS, vol. 336",
publisher="Springer-Verlag",
year="2006",
file=F}


@ARTICLE{lef03,

author="E. Lefeber and K. Y. Pettersen and H. Nijmeijer",
title="Tracking control of an underactuated ship",
journal="IEEE Trans. on Control systems Technology",
 volume="11",
 number="1",
 pages="52-61",
 year="2003",
 note = "", abstract = "", keywords = "", source = "", file = F

 }

@ARTICLE{maz02,

author="F. Mazenc and K. Y. Pettersen and H. Nijmeijer",
title="Global uniform asymptotic stabilization of an underactuated
surface vessel",
journal="IEEE Trans. on Automatic Control",
volume="47",
number="10",
pages="1759-1762", year="2002",
note = "", abstract = "", keywords = "", source = "", file = F
}

@ARTICLE{jia02,
author="Z.-P. Jiang",
title="Global tracking control of
underactuated ships by Lyapunov's direct method",
journal="Automatica",
volume="38", pages="301-309", year="2002",
note = "", abstract = "", keywords = "", source = "", file = F
}

@ARTICLE{pet99,

author="K. Y. Pettersen and O. Egeland",
title="Time-varying exponential stabilization of the position
and attitude of an underactuated autonomous underwater vehicle",
journal="IEEE Trans. on Automatic Control",
volume="44", number="1", pages="112-115",
year="1999",
note = "", abstract = "", keywords = "", source = "", file = F
}


@ARTICLE{pet98,
author="K. Y. Petterson and H. Nijmeijer",
title="Global practical
stabilization and tracking for an underactuated ship--A combined
averaging and backstepping approach",
journal="Proc. IFAC Conf. System
Structure Control",
year="1998",
pages="59-64",
note = "", abstract = "", keywords = "", source = "", file = F

}


@ARTICLE{rey96,
author="M. Reyhanoglu",
title="Control and stabilization of an underactuated
surface vessel",
journal="Proc. 35th IEEE Conf. Decision and Control",
year="1996", pages="2371-2376",
note = "", abstract = "", keywords = "", source = "", file = F

}


@ARTICLE{kha02,
author="H. K. Khalil",
title="Nonlinear Systems. 3nd Edition",
publisher="Prentice-Hall, Englewood Cliffs, NJ",
year="1996",
file=F
}


@ARTICLE{dong05,

author="W. Dong and Y. Guo",

title="Global time-varying stabilization
of underactuated surface vessel",
journal="IEEE Transactions on
Automatic Control",
 volume="50", number="6",  pages="859-864", year="2005",
 note = "", abstract = "", keywords = "", source = "", file = F

 }

@ARTICLE{dong06,
author="W.  Dong and Y. Guo and J. A. Farrell",
title="Formation control of nonholonomic mobile robots",
journal="Proc. of American Control Conf.",
pages="5602-5608",
year="2006",
note = "", abstract = "", keywords = "", source = "", file = F

}

@ARTICLE{dongFarrell07,

author="W. Dong and J. A. Farrell",
title="Formation control of multiple underactuated surface vessels",
journal="submitted to IEEE Trans. on Robotics",
year="2006",
note = "", abstract = "", keywords = "", source = "", file = F

}


@ARTICLE{dong99,
  author =       "W. Dong and W. Huo",
 title =        "Adaptive stabilization of uncertain dynamic nonholonomic systems",
  journal =      "Int. J. of Control",
  volume =       "72",
  number =       "18",
  pages =        "1689-1700",
  year =         "1999",
note = "", abstract = "", keywords = "", source = "", file = F }

@ARTICLE{dongIJRNC99,
  author =       "W. Dong and W. Huo and W. L. Xu",
 title =        "Trajectory tracking control of dynamic nonholonomic systems with unknown dynamics",
  journal =      "Int. J. of Robust and Nonlinear Control",
  volume =       "9",
  number =       "13",
  pages =        "905-922",
  year =         "1999",
note = "", abstract = "", keywords = "", source = "", file = F }

@ARTICLE{dongRA00,
  author =       "W. Dong and W. Huo and S. K. Tso and W. L. Xu",
 title =        "Tracking control of dynamic nonholonomic systems and its application to mobile robots with uncertainty",
  journal =      "IEEE Trans. on Robotics and Automation",
  volume =       "16",
  number =       "6",
  pages =        "870-874",
  year =         "2000",
note = "", abstract = "", keywords = "", source = "", file = F }

@ARTICLE{dongAC01,
  author =       "W. Dong and W. L. Xu",
  title =        "Adaptive tracking control of uncertain nonholonomic dynamic system",
  journal =      "IEEE Trans. on Auto. Contr.",
  volume =       "46",
  number =       "3",
  pages =        "450-454",
  year =         "2001",
note = "", abstract = "", keywords = "", source = "", file = F }

@ARTICLE{jia95,
  author =       "Z.-P. Jiang and J.-B. Pomet",
  title =        "Backstepping based adaptive controller for uncertain nonholonomic systems",
  journal =      "Proc. of the IEEE Conference Decision and Control",
  pages =        "1573-1578",
  year =         "1995",
note = "", abstract = "", keywords = "", source = "", file = F }

@ARTICLE{jia96,
  author =       "Z.-P. Jiang",
  title =        "Iterative design of time-varying stabilizers for multi-input systems in chained form",
  journal =      "Systems and Control Letters",
  volume =       "28",
  pages =        "255-262",
  year =         "1996",
note = "", abstract = "", keywords = "", source = "", file = F }

@ARTICLE{jia99,
  author =       "Z.-P. Jiang and N. Nijmeijer",
 title =        "A recursive technique for tracking control of nonholonomic systems in chained form",
  journal =      "IEEE Trans. on Auto. Contr.",
  volume =       "44",
  pages =        "265-279",
  year =         "1999",
note = "", abstract = "", keywords = "", source = "", file = F }

@ARTICLE{kol95,
  author =       "I. Kolmanovsky and N. H. McClamroch",
 title =        "Development in nonholonomic control problems",
  journal =      "IEEE Control System Magazine",
  pages =        "20-36",
  year =         "1995",
note = "", abstract = "", keywords = "", source = "", file = F }

@ARTICLE{kol96,
  author =       "I. Kolmanovsky and N. H. McClamroch",
 title =        "Hybrid feedback laws for a class of cascade nonlinear control systems",
  journal =      "IEEE Trans. on Auto. Contr.",
  volume =       "41",
  pages =        "1271-1282",
  year =         "1996",
note = "", abstract = "", keywords = "", source = "", file = F }

@ARTICLE{ler95,
  author =       "W. Leroquais and B. d'Andrea-Novel",
 title =        "Transformation of the kinematic models of restricted mobility wheeled mobile robots with a single platform into chained forms",
  journal =      "Proc. of the IEEE Conf. Decision and Control",
  year =         "1995",
note = "", abstract = "", keywords = "", source = "", file = F }

@ARTICLE{mcl94,
  author =       "R. T. M'closkey and R.M. Murray",
 title =        "Extending exponential stabilizers for nonholonomic systems from kinematic controllers to dynamic controllers",
  journal =      "Proc. 4th IFAC Symposium on Robot Control",
  year =         "1994",
note = "", abstract = "", keywords = "", source = "", file = F }

@ARTICLE{mcl97,
  author =       "R. T. M'Closkey and R. M. Murray",
 title =        "Exponential stabilization of driftless nonlinear control systems using homogeneous feedback",
  journal =      "IEEE Trans. on Auto. Contr.",
  volume =       "42",
number="5",
  pages =        "614-628",
  year =         "1997",
note = "", abstract = "", keywords = "", source = "", file = F }

@ARTICLE{mur93,
  author =       "R. M. Murray and S. S. Sastry",
 title =        "Nonholonomic motion planning: Steering using sinusoids",
  journal =      "IEEE Trans. on Auto. Contr.",
  volume =       "38",
number="5",
  pages =        "700-716",
  year =         "1993",
note = "", abstract = "", keywords = "", source = "", file = F }

@ARTICLE{pom92,
  author =       "J.-B. Pomet",
 title =        "Explicit design of time-varying stabilizing control laws for a class of controllable systems without drift",
  journal =      "Systems and  Control Letters",
  volume =       "18",
  pages =        "147-158",
  year =         "1992",
note = "", abstract = "", keywords = "", source = "", file = F }

@ARTICLE{qu06,
  author =       "Z. Qu, J. Wang and C. E. Plaisted and R. A. Hull",
 title =        "Global-stabilizing near-optimal control design for nonholonomic chained systems",
  journal =      "IEEE Trans. on Auto. Contr.",
  volume =       "51",
number="9",
  pages =        "1440-1456",
  year =         "2006",
note = "", abstract = "", keywords = "", source = "", file = F }
@ARTICLE{sam95,
  author =       "C. Samson",
 title =        "Control of chained systems: application to path following and time-varying point-stabilization of mobile robots",
  journal =      "IEEE Trans. on Auto. Contr.",
  volume =       "40",
  pages =        "64-77",
  year =         "1995",
note = "", abstract = "", keywords = "", source = "", file = F }

@ARTICLE{sar94,
  author =       "N. Sarkar and X. Yun and V. Kumar",
 title =        "Control of systems with rolling constraints: application to dynamic control of mobile robots",
  journal =      "Int. J. Robotics Research",
  volume =       "13",
  pages =        "55-69",
  year =         "1994",
note = "", abstract = "", keywords = "", source = "", file = F }

@ARTICLE{su94,

  author =       "C. Y. Su and Y. Stepanenko",
 title =        "Robust motion/force control of mechanical systems with classical nonholonomic constraints",
  journal =      "IEEE Trans. Auto. Contr.",
  volume =       "39",
  pages =        "609-614",
  year =         "1994",
note = "", abstract = "", keywords = "", source = "", file = F }

@ARTICLE{til95,
  author =       "D. Tilbury and R. M. Murray and S. S. Sastry",
 title =        "Trajectory generation for the n-Trailer problem using Goursat normal form",
  journal =      "IEEE Trans. on Auto. Contr.",
  volume =       "40",
  pages =        "802-819",
  year =         "1995",
note = "", abstract = "", keywords = "", source = "", file = F }

@ARTICLE{wal94,
  author =       "G. Walsh and D. Tilbury and S. S. Sastry and R. M. Murray and J. P. Laumond",
 title =        "Stabilization of trajectories for systems with nonholonomic constraints",
  journal =      "IEEE Trans. on Auto. Contr.",
  volume =       "39",
  pages =        "216-222",
  year =         "1994",
note = "", abstract = "", keywords = "", source = "", file = F }

@ARTICLE{bus93,
  author =       "L. Bushnell and D. Tilbury and S. Sastry",
 title =        "Extended goursat normal forms with applications to nonholonomic motion planning",
  journal =      "Proc. of IEEE Conf. on Decision and Control",   pages =        "3447-3452",
  year =         "1993",
note = "", abstract = "", keywords = "", source = "", file = F }

@ARTICLE{cam91,
  author =       "G. Campion and B. d'Andrea-Novel and G. Bastin",
 title =        "Controllability and state feedback stabilization of nonholonomic mechanical systems",
  journal =      "in C. Canudas de Wit (Ed.), Advanced Robot Control, LNCIS 162",
  pages =        "106-124",
  year =         "1991",
note = "", abstract = "", keywords = "", source = "", file = F }

@ARTICLE{ege96,
  author =       "O. Egeland and M. Dalsmo and O. J. Sordalen",
 title =        "Feedback control of a nonholonomic underwater vehicle with a constant desired configuration",
  journal =      "Int. J. of Robotics Research",
  volume =       "15",
  pages =        "24-35",
  year =         "1996",
note = "", abstract = "", keywords = "", source = "", file = F }

@ARTICLE{fie96,
  author =       "R. Fierro and F. L. Lewis",
 title =        "Practical point stabilization of a nonholonomic mobile robot using neural networks",
  journal =      "Proc. of the IEEE Conf. on Decision and Control",
  year =         "1996",
  pages =        "1722-1727",
note = "", abstract = "", keywords = "", source = "", file = F }

@ARTICLE{gul94,
  author =       "J. Guldner and V. I. Utkin",
 title =        "Stabilization of nonholonomic mobile robots using Lyapunov functions for navigation and sliding mode control",
  journal =      "Proc. of the IEEE Conf. Decision and Control",
  pages =        "2967-2972",
  year =         "1994",
 note = "", abstract = "", keywords = "", source = "",
file = F }

@ARTICLE{gur92,
  author =       "L. Gurvits and Z. Li",
 title =        "Smooth time-periodic feedback solutions for nonholonomic motion planning",
  journal =      "in Nonholonomic motion planning, Li Z. and J. Canny Eds",
  year =         "1992",
  pages =        "53-108",
note = "", abstract = "", keywords = "", source = "", file = F }

@ARTICLE{jia94,
  author =       "Z.-P. Jiang and J.-B. Pomet",
 title =        "Combining backstepping and time-varying techniques for a new set of adaptive controllers",
  journal =      "Proc. of the IEEE Conference Decision and Control",
  pages =        "2207-2212",
  year =         "1994",
note = "", abstract = "", keywords = "", source = "", file = F }

@ARTICLE{kan90,
  author =       "Y. Kanayama and Y. Kimura and F. Miyazaki and T. Noguchi",
 title =        "A stable tracking control method for an autonomous mobile robot",
  journal =      "Proc. of IEEE Conf. on Robotics and Automation",
  pages =        "384-389",
  year =         "1990",
note = "", abstract = "", keywords = "", source = "", file = F }

@ARTICLE{mas94,
  author =       "B. Maschke and A. van der Schaft",
 title =        "A hamiltonian approach to stabilization of nonholonomic mechanical systems",
  journal =      "Proc. of the IEEE Conf. Decision and Control",
  year =         "1994",
note = "", abstract = "", keywords = "", source = "", file = F }

@ARTICLE{mur93a,
  author =       "R. M. Murray",
 title =        "Control of nonholonomic systems using chained form",
  journal =      "Fields Institute Communications",
  volume =       "1",
  pages =        "219-245",
  year =         "1993",
note = "", abstract = "", keywords = "", source = "", file = F }

@ARTICLE{mur95,
  author =       "R. M. Murray",
 title =        "Nilpotent bases for a class of non-integrable distributions with applications to trajectory generation for nonholonomic systems",
  journal =      "Mathematics of Control, Signals, and Systems",
  volume =       "17",
number="1",
  pages =        "58-75",
  year =         "1995",
note = "", abstract = "", keywords = "", source = "", file = F }

@ARTICLE{slo87,
  author =       "J. E. Slotine and W. Li",
 title =        "On the adaptive control of robot manipulators",
  journal =      "Int. J. Robotics and Research",
  volume =       "6",
number="3",
  year =         "1987",
  pages =        "49-59",
note = "", abstract = "", keywords = "", source = "", file = F }

@ARTICLE{spo92,
  author =       "M. W. Spong",
  title=         "On the robust control of robot manipulators",
  journal =      "IEEE Trans. Auto. Contr.",
  volume =       "37",
number="11",
  pages =        "1782-1786",
  year =         "1992",
note = "", abstract = "", keywords = "", source = "", file = F }

@ARTICLE{sus91,
  author =       "H. T. Sussmann and P. Kokotovic",
 title =        "The peaking phenomenon and the global stabilization of nonlinear systems",
  journal =      "IEEE Trans. Auto. Contr.",
  volume =       "36",
  pages =        "424-440",
  year =         "1991",
note = "", abstract = "", keywords = "", source = "", file = F }

@ARTICLE{tee95,
  author =       "A. R. Teel and R. M. Murray and G. C. Walsh",
 title =        "Nonholonomic control systems: from steering to stabilization with sinusoids",
  journal =      "Int. J. of Control",
  volume =       "62",
  pages =        "849-870",
  year =         "1995",
note = "", abstract = "", keywords = "", source = "", file = F }

@ARTICLE{wal95,
  author =       "G. Walsh and L. G. Bushnell",
 title =        "Stabilization of multiple input chained form control systems",
  journal =      "Syst. Contr. Lett.",
  volume =       "25",
  pages =        "227-234",
  year =         "1995",
note = "", abstract = "", keywords = "", source = "", file = F }

@ARTICLE{yam93,
  author =       "Y. Yamamoto and X. Yun",
 title =        "Coordinating locomotion and manipulation of a mobile manipulator",
  journal =      "in F. Zhang (Ed.),  Recent Trends in Mobile Robots",
  pages =        "157-181",
  year =         "1993",
note = "", abstract = "", keywords = "", source = "", file = F }
